<record><leader>00000cas a22000007a 4500</leader><controlfield tag="001">14578326</controlfield><controlfield tag="008">861030d18921896paucr ne      0    0eng d</controlfield><datafield ind1=" " ind2=" " tag="010"><subfield code="a">sn 86081932 </subfield></datafield><datafield ind1=" " ind2=" " tag="040"><subfield code="a">NPH</subfield><subfield code="b">eng</subfield><subfield code="c">NPH</subfield><subfield code="d">OCLCQ</subfield></datafield><datafield ind1=" " ind2=" " tag="042"><subfield code="a">msc</subfield></datafield><datafield ind1="0" ind2="0" tag="245"><subfield code="a">Bradford semi-weekly Republican.</subfield></datafield><datafield ind1=" " ind2=" " tag="260"><subfield code="a">Towanda, Pa. :</subfield><subfield code="b">Holcomb &amp; Tracy,</subfield><subfield code="c">1892-1896.</subfield></datafield><datafield ind1=" " ind2=" " tag="300"><subfield code="a">4 v. ;</subfield><subfield code="c">57 cm.</subfield></datafield><datafield ind1=" " ind2=" " tag="310"><subfield code="a">Semiweekly</subfield></datafield><datafield ind1="0" ind2=" " tag="362"><subfield code="a">Vol. 18, no. l (May 24, 1892)-v. 22, no. 51 (Nov. 12, 1896).</subfield></datafield><datafield ind1=" " ind2=" " tag="500"><subfield code="a">Published every Tuesday and Friday.</subfield></datafield><datafield ind1=" " ind2=" " tag="752"><subfield code="a">United States</subfield><subfield code="b">Pennsylvania</subfield><subfield code="c">Bradford</subfield><subfield code="d">Towanda.</subfield></datafield><datafield ind1="0" ind2="0" tag="780"><subfield code="t">Bradford Republican (Towanda, Pa.)</subfield><subfield code="w">(DLC)sn 86053751</subfield></datafield><datafield ind1="0" ind2="7" tag="785"><subfield code="t">Towanda weekly review</subfield><subfield code="w">(DLC)sn 86081986</subfield></datafield><datafield ind1="0" ind2="7" tag="785"><subfield code="t">Bradford weekly Republican</subfield><subfield code="w">(OCoLC)14223433</subfield></datafield></record>